@book{sme,
  title={Space Mission Engineering: The New SMAD},
  author={Wertz, James R. and Everett, David F. and Puschell, Jeffery J.},
  isbn={9781881883159},
  year={2011},
  publisher={Microcosm Press}
},

@book{sse,
  title={Spacecraft Systems Engineering},
  author={Fortescue, Peter W. and Swinerd, Graham and Stark, John},
  isbn={9780470750124},
  year={2011},
  publisher={John Wiley \& Sons}
},

@book{commlinks,
  title={ELEC 4509: Communication Links},
  author={Jim Wight},
  year={1997},
  publisher={Brightspace}
}
